@ inbook{quinn-ethics-for-the-information-age,
  title={{Ethics for the information age}},
  author={Michael J. Quinn},
  isbn={9780134296548},
  url={https://www.pearson.com/us/higher-education/program/Quinn-Ethics-for-the-Information-Age-7th-Edition/PGM152724.html},
  year={2017},
  publisher={Pearson}
  chapter={2.7 - Act Utilitarism}
}

@misc{ethics-iep,
title = {{Ethics - Internet Encyclopedia of Philosophy}},
note = {on-line at: \url{https://www.iep.utm.edu/ethics/}},
    author = {James Fieser}
}

@misc{metaethics-iep,
title = {{Metaethics - Internet Encyclopedia of Philosophy}},
note = {on-line at: \url{https://www.iep.utm.edu/metaethi/}},
    author = {Kevin M. DeLapp}
}

@misc{hedonism-iep,
title = {{Hedonism - Internet Encyclopedia of Philosophy}},
note = {on-line at: \url{https://www.iep.utm.edu/hedonism/}},
    author = {Kevin M. DeLapp}
}